@MISC{Pradhan05supportvector,
    author = {Sameer Pradhan and Kadri Hacioglu and Valerie Krugler and Wayne Ward and James H. Martin and Daniel Jurafsky},
    title = {Support Vector Learning for Semantic Argument Classification },
    year = {2005}
}

@INPROCEEDINGS{Moschitti04asemantic,
    author = {Alessandro Moschitti and Cosmin Adrian Bejan},
    title = {A Semantic Kernel for Predicate Argument Classification},
    booktitle = {IN CONLL 2004},
    year = {2004},
    pages = {17--24},
    publisher = {}
}

@ARTICLE{Gildea02automaticlabeling,
    author = {Daniel Gildea},
    title = {Automatic labeling of semantic roles},
    journal = {Computational Linguistics},
    year = {2002},
    volume = {28},
    pages = {245--288}
}

@ARTICLE{Carletta96assessingagreement,
    author = {Jean Carletta},
    title = {Assessing agreement on classification tasks: the kappa statistic},
    journal = {Computational Linguistics},
    year = {1996},
    pages = {249--254}
}

@MISC{Abend_unsupervisedargument,
    author = {Omri Abend and Roi Reichart},
    title = {Unsupervised Argument Identification for Semantic Role Labeling},
    year = {}
}