@MISC{Pradhan05supportvector,
    author = {Sameer Pradhan and Kadri Hacioglu and Valerie Krugler and Wayne Ward and James H. Martin and Daniel Jurafsky},
    title = {Support Vector Learning for Semantic Argument Classification },
    year = {2005}
}

@INPROCEEDINGS{Moschitti04asemantic,
    author = {Alessandro Moschitti and Cosmin Adrian Bejan},
    title = {A Semantic Kernel for Predicate Argument Classification},
    booktitle = {IN CONLL 2004},
    year = {2004},
    pages = {17--24},
    publisher = {}
}

@ARTICLE{Gildea02automaticlabeling,
    author = {Daniel Gildea},
    title = {Automatic labeling of semantic roles},
    journal = {Computational Linguistics},
    year = {2002},
    volume = {28},
    pages = {245--288}
}

@ARTICLE{Carletta96assessingagreement,
    author = {Jean Carletta},
    title = {Assessing agreement on classification tasks: the kappa statistic},
    journal = {Computational Linguistics},
    year = {1996},
    pages = {249--254}
}

@MISC{Abend_unsupervisedargument,
    author = {Omri Abend and Roi Reichart},
    title = {Unsupervised Argument Identification for Semantic Role Labeling},
    year = {}
}

@article{Palmer:2005:PBA:1122624.1122628,
 author = {Palmer, Martha and Gildea, Daniel and Kingsbury, Paul},
 title = {The Proposition Bank: An Annotated Corpus of Semantic Roles},
 journal = {Comput. Linguist.},
 issue_date = {March 2005},
 volume = {31},
 number = {1},
 month = mar,
 year = {2005},
 issn = {0891-2017},
 pages = {71--106},
 numpages = {36},
 url = {http://dx.doi.org/10.1162/0891201053630264},
 doi = {10.1162/0891201053630264},
 acmid = {1122628},
 publisher = {MIT Press},
 address = {Cambridge, MA, USA},
}
@ARTICLE{Marcus93buildinga,
    author = {Mitchell P. Marcus and Beatrice Santorini and Mary Ann Marcinkiewicz},
    title = {Building a Large Annotated Corpus of English: The Penn Treebank},
    journal = {COMPUTATIONAL LINGUISTICS},
    year = {1993},
    volume = {19},
    number = {2},
    pages = {313--330}
}

@Article{Hall+FHPRW:2009,
  author = "Hall, Mark and Frank, Eibe and Holmes, Geoffrey and Pfahringer, Bernhard and Reutemann, Peter and Witten, Ian H.",
  title =        "The {WEKA} Data Mining Software: An Update",
  journal =      "{SIGKDD} Explorations",
  year =         "2009",
  volume =    "11",
  number =    "1",
  pages =     "10--18",
  url = "http://www.sigkdd.org/explorations/issues/11-1-2009-07/p2V11n1.pdf",
  bib2html_rescat = "Humanoids",
}