@article{
svm,
year={2005},
issn={0885-6125},
journal={Machine Learning},
volume={60},
number={1-3},
doi={10.1007/s10994-005-0912-2},
title={Support Vector Learning for Semantic Argument Classification},
publisher={Kluwer Academic Publishers},
keywords={shallow semantic parsing; support vector machines},
author={Pradhan, Sameer and Hacioglu, Kadri and Krugler, Valerie and Ward, Wayne and Martin, JamesH. and Jurafsky, Daniel},
pages={11-39},
language={English}
}
